@article{keeling1960,
  author    = {Keeling, Charles D.},
  title     = {The Concentration and Isotopic Abundances of Carbon Dioxide in the Atmosphere},
  journal   = {Tellus},
  volume    = {12},
  number    = {2},
  pages     = {200--203},
  year      = {1960},
  publisher = {Taylor \& Francis},
  doi       = {10.3402/tellusa.v12i2.9368}
}

@online{NOAA_CO2_weekly,
  author    = {{NOAA Global Monitoring Laboratory}},
  title     = {CO2 Weekly Concentrations at Mauna Loa Observatory},
  year      = {2024},
  url       = {https://gml.noaa.gov/webdata/ccgg/trends/co2/co2_weekly_mlo.txt},
  note      = {Accessed: 2024-11-06}
}

@online{NOAA_CO2_data,
  author    = {{NOAA Global Monitoring Laboratory}},
  title     = {CO2 Data and Trends},
  year      = {2024},
  url       = {https://gml.noaa.gov/ccgg/trends/data.html},
  note      = {Accessed: 2024-11-06}
}
